@misc{philosiblog_2020,
title = {the way to get started is to quit talking and begin doing.},
author = {philosiblog},
url={https://philosiblog.com/2012/06/22/the-way-to-get-started-is-to-quit-talking-and-begin-doing/},
journal={philosiblog},
year={2020}
}

@misc{BOX1979201,
title = {Robustness in the Strategy of Scientific Model Building},
editor = {ROBERT L. LAUNER and GRAHAM N. WILKINSON},
booktitle = {Robustness in Statistics},
publisher = {Academic Press},
pages = {201 - 236},
year = {1979},
isbn = {978-0-12-438150-6},
doi = {https://doi.org/10.1016/B978-0-12-438150-6.50018-2},
url = {http://www.sciencedirect.com/science/article/pii/B9780124381506500182},
author = {G.E.P. Box}
}

